@article{sommerville2011software,
  title={Software engineering 9th Edition},
  author={Sommerville, Ian},
  journal={ISBN-10},
  volume={137035152},
  year={2011}
}
